% Encoding: UTF-8

@InProceedings{lift-paper,
  author    = {Michel Steuwer and Toomas Remmelg and Christophe Dubach},
  title     = {Lift: a functional data-parallel {IR} for high-performance {GPU} code generation},
  booktitle = {Proceedings of the 2017 International Symposium on Code Generation and Optimization, {CGO} 2017, Austin, TX, USA, February 4-8, 2017},
  year      = {2017},
  pages     = {74--85},
  bibsource = {dblp computer science bibliography, https://dblp.org},
  biburl    = {https://dblp.org/rec/bib/conf/cgo/SteuwerRD17},
  timestamp = {Mon, 06 Feb 2017 08:16:50 +0100},
  url       = {http://dl.acm.org/citation.cfm?id=3049841},
}

@InProceedings{DBLP:journals/corr/LiTBZ15,
  author    = {Yujia Li and Daniel Tarlow and Marc Brockschmidt and Richard S. Zemel},
  title     = {Gated Graph Sequence Neural Networks},
  booktitle = {4th International Conference on Learning Representations, {ICLR} 2016, San Juan, Puerto Rico, May 2-4, 2016, Conference Track Proceedings},
  year      = {2016},
  bibsource = {dblp computer science bibliography, https://dblp.org},
  biburl    = {https://dblp.org/rec/bib/journals/corr/LiTBZ15},
  timestamp = {Fri, 29 Mar 2019 10:35:07 +0100},
  url       = {http://arxiv.org/abs/1511.05493},
}

@article{paszkeAutomaticDifferentiationPyTorch2017a,
  title = {Automatic Differentiation in {{PyTorch}}},
  author = {Paszke, Adam and Gross, Sam and Chintala, Soumith and Chanan, Gregory and Yang, Edward and DeVito, Zachary and Lin, Zeming and Desmaison, Alban and Antiga, Luca and Lerer, Adam},
  year = {2017},
  file = {C:\\Users\\kaciosek\\Zotero\\storage\\YZ74LGEI\\forum.html}
}

@inproceedings{abadiTensorFlowSystemLargeScale2016,
  title = {{{TensorFlow}}: {{A System}} for {{Large}}-{{Scale Machine Learning}}},
  shorttitle = {{{TensorFlow}}},
  booktitle = {12th {{USENIX Symposium}} on {{Operating Systems Design}} and {{Implementation}}, {{OSDI}} 2016, {{Savannah}}, {{GA}}, {{USA}}, {{November}} 2-4, 2016},
  publisher = {{USENIX Association}},
  author = {Abadi, Mart{\'i}n and Barham, Paul and Chen, Jianmin and Chen, Zhifeng and Davis, Andy and Dean, Jeffrey and Devin, Matthieu and Ghemawat, Sanjay and Irving, Geoffrey and Isard, Michael and Kudlur, Manjunath and Levenberg, Josh and Monga, Rajat and Moore, Sherry and Murray, Derek Gordon and Steiner, Benoit and Tucker, Paul A. and Vasudevan, Vijay and Warden, Pete and Wicke, Martin and Yu, Yuan and Zheng, Xiaoqiang},
  editor = {Keeton, Kimberly and Roscoe, Timothy},
  year = {2016},
  pages = {265--283}
}

@inproceedings{chenLearningOptimizeTensor2018,
  title = {Learning to {{Optimize Tensor Programs}}},
  booktitle = {Advances in {{Neural Information Processing Systems}} 31: {{Annual Conference}} on {{Neural Information Processing Systems}} 2018, {{NeurIPS}} 2018, 3-8 {{December}} 2018, {{Montr{\'e}al}}, {{Canada}}},
  author = {Chen, Tianqi and Zheng, Lianmin and Yan, Eddie Q. and Jiang, Ziheng and Moreau, Thierry and Ceze, Luis and Guestrin, Carlos and Krishnamurthy, Arvind},
  editor = {Bengio, Samy and Wallach, Hanna M. and Larochelle, Hugo and Grauman, Kristen and {Cesa-Bianchi}, Nicol{\`o} and Garnett, Roman},
  year = {2018},
  pages = {3393--3404}
}

@inproceedings{frigoFFTWAdaptiveSoftware1998,
  title = {{{FFTW}}: An Adaptive Software Architecture for the {{FFT}}},
  isbn = {978-0-7803-4428-0},
  shorttitle = {{{FFTW}}},
  booktitle = {Proceedings of the 1998 {{IEEE International Conference}} on {{Acoustics}}, {{Speech}} and {{Signal Processing}}, {{ICASSP}} '98, {{Seattle}}, {{Washington}}, {{USA}}, {{May}} 12-15, 1998},
  publisher = {{IEEE}},
  doi = {10.1109/ICASSP.1998.681704},
  author = {Frigo, Matteo and Johnson, Steven G.},
  year = {1998},
  pages = {1381--1384}
}

@incollection{paduaAutomaticallyTunedLinear2011,
  title = {Automatically {{Tuned Linear Algebra Software}} ({{ATLAS}})},
  isbn = {978-0-387-09765-7},
  booktitle = {Encyclopedia of {{Parallel Computing}}},
  publisher = {{Springer}},
  author = {Padua, David A.},
  year = {2011},
  pages = {101},
  doi = {10.1007/978-0-387-09766-4_2061}
}

@inproceedings{merrienboerAutomaticDifferentiationML2018,
  title = {Automatic Differentiation in {{ML}}: {{Where}} We Are and Where We Should Be Going},
  shorttitle = {Automatic Differentiation in {{ML}}},
  booktitle = {Advances in {{Neural Information Processing Systems}} 31: {{Annual Conference}} on {{Neural Information Processing Systems}} 2018, {{NeurIPS}} 2018, 3-8 {{December}} 2018, {{Montr{\'e}al}}, {{Canada}}},
  author = {van Merrienboer, Bart and Breuleux, Olivier and Bergeron, Arnaud and Lamblin, Pascal},
  editor = {Bengio, Samy and Wallach, Hanna M. and Larochelle, Hugo and Grauman, Kristen and {Cesa-Bianchi}, Nicol{\`o} and Garnett, Roman},
  year = {2018},
  pages = {8771--8781}
}

@inproceedings{chenTVMAutomatedEndtoEnd2018,
  title = {{{TVM}}: {{An Automated End}}-to-{{End Optimizing Compiler}} for {{Deep Learning}}},
  shorttitle = {{{TVM}}},
  booktitle = {13th {{USENIX Symposium}} on {{Operating Systems Design}} and {{Implementation}}, {{OSDI}} 2018, {{Carlsbad}}, {{CA}}, {{USA}}, {{October}} 8-10, 2018},
  publisher = {{USENIX Association}},
  author = {Chen, Tianqi and Moreau, Thierry and Jiang, Ziheng and Zheng, Lianmin and Yan, Eddie Q. and Shen, Haichen and Cowan, Meghan and Wang, Leyuan and Hu, Yuwei and Ceze, Luis and Guestrin, Carlos and Krishnamurthy, Arvind},
  editor = {{Arpaci-Dusseau}, Andrea C. and Voelker, Geoff},
  year = {2018},
  pages = {578--594}
}

@article{paliwalREGALTransferLearning2019,
  title = {{{REGAL}}: {{Transfer Learning For Fast Optimization}} of {{Computation Graphs}}},
  volume = {abs/1905.02494},
  shorttitle = {{{REGAL}}},
  journal = {CoRR},
  author = {Paliwal, Aditya and Gimeno, Felix and Nair, Vinod and Li, Yujia and Lubin, Miles and Kohli, Pushmeet and Vinyals, Oriol},
  year = {2019}
}

@inproceedings{bunelLearningSuperoptimizePrograms2017,
  title = {Learning to Superoptimize Programs},
  booktitle = {5th {{International Conference}} on {{Learning Representations}}, {{ICLR}} 2017, {{Toulon}}, {{France}}, {{April}} 24-26, 2017, {{Conference Track Proceedings}}},
  publisher = {{OpenReview.net}},
  author = {Bunel, Rudy and Desmaison, Alban and Kumar, M. Pawan and Torr, Philip H. S. and Kohli, Pushmeet},
  year = {2017}
}

@misc{xlaauthorsTensorFlowXLAAccelerated2016,
  title = {{{TensorFlow XLA}} ({{Accelerated Linear Algebra}})},
  howpublished = {https://www.tensorflow.org/xla/overview},
  author = {{XLA authors}},
  year = {2016}
}

@inproceedings{weiDLVMModernCompiler2018,
  title = {{{DLVM}}: {{A}} Modern Compiler Infrastructure for Deep Learning Systems},
  shorttitle = {{{DLVM}}},
  booktitle = {6th {{International Conference}} on {{Learning Representations}}, {{ICLR}} 2018, {{Vancouver}}, {{BC}}, {{Canada}}, {{April}} 30 - {{May}} 3, 2018, {{Workshop Track Proceedings}}},
  publisher = {{OpenReview.net}},
  author = {Wei, Richard and Schwartz, Lane and Adve, Vikram S.},
  year = {2018}
}

@inproceedings{sotoudehISAMapperCompute2019,
  title = {{{ISA}} Mapper: A Compute and Hardware Agnostic Deep Learning Compiler},
  isbn = {978-1-4503-6685-4},
  shorttitle = {{{ISA}} Mapper},
  booktitle = {Proceedings of the 16th {{ACM International Conference}} on {{Computing Frontiers}}, {{CF}} 2019, {{Alghero}}, {{Italy}}, {{April}} 30 - {{May}} 2, 2019},
  publisher = {{ACM}},
  doi = {10.1145/3310273.3321559},
  author = {Sotoudeh, Matthew and Venkat, Anand and Anderson, Michael J. and Georganas, Evangelos and Heinecke, Alexander and Knight, Jason},
  editor = {Palumbo, Francesca and Becchi, Michela and Schulz, Martin and Sato, Kento},
  year = {2019},
  pages = {164--173},
  file = {C:\\Users\\kaciosek\\Zotero\\storage\\HNLE9ABJ\\Sotoudeh et al. - 2019 - ISA mapper a compute and hardware agnostic deep l.pdf}
}

@inproceedings{ben-nunNeuralCodeComprehension2018,
  title = {Neural {{Code Comprehension}}: {{A Learnable Representation}} of {{Code Semantics}}},
  shorttitle = {Neural {{Code Comprehension}}},
  booktitle = {Advances in {{Neural Information Processing Systems}} 31: {{Annual Conference}} on {{Neural Information Processing Systems}} 2018, {{NeurIPS}} 2018, 3-8 {{December}} 2018, {{Montr{\'e}al}}, {{Canada}}},
  author = {{Ben-Nun}, Tal and Jakobovits, Alice Shoshana and Hoefler, Torsten},
  editor = {Bengio, Samy and Wallach, Hanna M. and Larochelle, Hugo and Grauman, Kristen and {Cesa-Bianchi}, Nicol{\`o} and Garnett, Roman},
  year = {2018},
  pages = {3589--3601}
}

@article{rotemGlowGraphLowering2018,
  title = {Glow: {{Graph Lowering Compiler Techniques}} for {{Neural Networks}}},
  volume = {abs/1805.00907},
  shorttitle = {Glow},
  journal = {CoRR},
  author = {Rotem, Nadav and Fix, Jordan and Abdulrasool, Saleem and Deng, Summer and Dzhabarov, Roman and Hegeman, James and Levenstein, Roman and Maher, Bert and Satish, Nadathur and Olesen, Jakob and Park, Jongsoo and Rakhov, Artem and Smelyanskiy, Misha},
  year = {2018}
}

@inproceedings{lattnerLLVMCompilationFramework2004,
  title = {{{LLVM}}: {{A Compilation Framework}} for {{Lifelong Program Analysis}} \& {{Transformation}}},
  isbn = {978-0-7695-2102-2},
  shorttitle = {{{LLVM}}},
  booktitle = {2nd {{IEEE}} / {{ACM International Symposium}} on {{Code Generation}} and {{Optimization}} ({{CGO}} 2004), 20-24 {{March}} 2004, {{San Jose}}, {{CA}}, {{USA}}},
  publisher = {{IEEE Computer Society}},
  doi = {10.1109/CGO.2004.1281665},
  author = {Lattner, Chris and Adve, Vikram S.},
  year = {2004},
  pages = {75--88}
}

@InProceedings{santosProgramTransformationGlasgow1992,
  author    = {Santos, Andr{\'e} L. M. and {Peyton-Jones}, Simon L.},
  title     = {On {{Program Transformation}} in the {{Glasgow Haskell Compiler}}},
  booktitle = {Functional {{Programming}}, {{Glasgow}} 1992, {{Proceedings}} of the 1992 {{Glasgow Workshop}} on {{Functional Programming}}, {{Ayr}}, {{Scotland}}, {{UK}}, 6-8 {{July}} 1992},
  year      = {1992},
  editor    = {Launchbury, John and Sansom, Patrick M.},
  series    = {Workshops in {{Computing}}},
  pages     = {240--251},
  publisher = {{Springer}},
  isbn      = {978-3-540-19820-8},
}

@article{elliottSimpleEssenceAutomatic2018,
  title = {The Simple Essence of Automatic Differentiation},
  volume = {2},
  number = {ICFP},
  journal = {PACMPL},
  doi = {10.1145/3236765},
  author = {Elliott, Conal},
  year = {2018},
  pages = {70:1--70:29},
  file = {C:\\Users\\kaciosek\\Zotero\\storage\\DCIVT9BZ\\Elliott - 2018 - The simple essence of automatic differentiation.pdf}
}

@inproceedings{maclaurinAutogradEffortlessGradients2015,
  title = {Autograd: {{Effortless}} Gradients in Numpy},
  shorttitle = {Autograd},
  booktitle = {{{ICML}} 2015 {{AutoML Workshop}}},
  author = {Maclaurin, Dougal and Duvenaud, David and Adams, Ryan P.},
  year = {2015},
  file = {C:\\Users\\kaciosek\\Zotero\\storage\\9FRKYBZA\\Maclaurin et al. - 2015 - Autograd Effortless gradients in numpy.pdf}
}

@inproceedings{kaliszykReinforcementLearningTheorem2018,
  title = {Reinforcement {{Learning}} of {{Theorem Proving}}},
  booktitle = {Advances in {{Neural Information Processing Systems}} 31: {{Annual Conference}} on {{Neural Information Processing Systems}} 2018, {{NeurIPS}} 2018, 3-8 {{December}} 2018, {{Montr{\'e}al}}, {{Canada}}},
  author = {Kaliszyk, Cezary and Urban, Josef and Michalewski, Henryk and Ols{\'a}k, Miroslav},
  editor = {Bengio, Samy and Wallach, Hanna M. and Larochelle, Hugo and Grauman, Kristen and {Cesa-Bianchi}, Nicol{\`o} and Garnett, Roman},
  year = {2018},
  pages = {8836--8847}
}

@article{zomboriFindingLongerProofs2019,
  title = {Towards {{Finding Longer Proofs}}},
  volume = {abs/1905.13100},
  journal = {CoRR},
  author = {Zombori, Zsolt and Csisz{\'a}rik, Adri{\'a}n and Michalewski, Henryk and Kaliszyk, Cezary and Urban, Josef},
  year = {2019}
}

@Book{Puterman2014,
  title         = {Markov Decision Processes.: Discrete Stochastic Dynamic Programming},
  publisher     = {John Wiley \& Sons},
  year          = {2014},
  author        = {Puterman, Martin L},
  __markedentry = {[kaciosek:]},
}

@Book{suttonReinforcementLearningIntroduction2018,
  title     = {Reinforcement {{Learning}}: {{An Introduction}}},
  publisher = {{The MIT Press}},
  year      = {2018},
  author    = {Sutton, Richard S. and Barto, Andrew G.},
  edition   = {Second},
  biburl    = {https://www.bibsonomy.org/bibtex/2f46601cf8b13d39d1378af0d79438b12/analyst},
  interhash = {ac6b144aaec1819919a2fba9f705c852},
  intrahash = {f46601cf8b13d39d1378af0d79438b12},
  keywords  = {2018 book reference reinforcement-learning},
}

@Article{Silver2016,
  author        = {David Silver and Aja Huang and Chris J. Maddison and Arthur Guez and Laurent Sifre and George van den Driessche and Julian Schrittwieser and Ioannis Antonoglou and Vedavyas Panneershelvam and Marc Lanctot and Sander Dieleman and Dominik Grewe and John Nham and Nal Kalchbrenner and Ilya Sutskever and Timothy P. Lillicrap and Madeleine Leach and Koray Kavukcuoglu and Thore Graepel and Demis Hassabis},
  title         = {Mastering the game of Go with deep neural networks and tree search},
  journal       = {Nature},
  year          = {2016},
  volume        = {529},
  number        = {7587},
  pages         = {484--489},
  __markedentry = {[kaciosek:6]},
  bibsource     = {dblp computer science bibliography, https://dblp.org},
  biburl        = {https://dblp.org/rec/bib/journals/nature/SilverHMGSDSAPL16},
  doi           = {10.1038/nature16961},
}

@Article{silver2017mastering,
  author    = {Silver, David and Schrittwieser, Julian and Simonyan, Karen and Antonoglou, Ioannis and Huang, Aja and Guez, Arthur and Hubert, Thomas and Baker, Lucas and Lai, Matthew and Bolton, Adrian and others},
  title     = {Mastering the game of go without human knowledge},
  journal   = {Nature},
  year      = {2017},
  volume    = {550},
  number    = {7676},
  pages     = {354},
  publisher = {Nature Publishing Group},
}

@Article{mnih2013playing,
  author  = {Mnih, Volodymyr and Kavukcuoglu, Koray and Silver, David and Graves, Alex and Antonoglou, Ioannis and Wierstra, Daan and Riedmiller, Martin},
  title   = {Playing atari with deep reinforcement learning},
  journal = {arXiv preprint arXiv:1312.5602},
  year    = {2013},
}

@Article{schulman2017proximal,
  author  = {Schulman, John and Wolski, Filip and Dhariwal, Prafulla and Radford, Alec and Klimov, Oleg},
  title   = {Proximal policy optimization algorithms},
  journal = {arXiv preprint arXiv:1707.06347},
  year    = {2017},
}

@InProceedings{mnih2016asynchronous,
  author    = {Mnih, Volodymyr and Badia, Adria Puigdomenech and Mirza, Mehdi and Graves, Alex and Lillicrap, Timothy and Harley, Tim and Silver, David and Kavukcuoglu, Koray},
  title     = {Asynchronous methods for deep reinforcement learning},
  booktitle = {International conference on machine learning},
  year      = {2016},
  pages     = {1928--1937},
}

@InCollection{deza2009encyclopedia,
  author    = {Deza, Michel Marie and Deza, Elena},
  title     = {Encyclopedia of distances},
  booktitle = {Encyclopedia of distances},
  publisher = {Springer},
  year      = {2009},
  pages     = {1--583},
}

@InProceedings{bengio2009curriculum,
  author       = {Bengio, Yoshua and Louradour, J{\'e}r{\^o}me and Collobert, Ronan and Weston, Jason},
  title        = {Curriculum learning},
  booktitle    = {Proceedings of the 26th annual international conference on machine learning},
  year         = {2009},
  pages        = {41--48},
  organization = {ACM},
}

@Article{lecun1998gradient,
  author    = {LeCun, Yann and Bottou, L{\'e}on and Bengio, Yoshua and Haffner, Patrick and others},
  title     = {Gradient-based learning applied to document recognition},
  journal   = {Proceedings of the IEEE},
  year      = {1998},
  volume    = {86},
  number    = {11},
  pages     = {2278--2324},
  publisher = {Taipei, Taiwan},
}

@TechReport{krizhevsky2009learning,
  author      = {Krizhevsky, Alex and Hinton, Geoffrey and others},
  title       = {Learning multiple layers of features from tiny images},
  institution = {Citeseer},
  year        = {2009},
}

@Misc{tensor-considered-harmful,
  author       = {Alexander Rush},
  title        = {Tensor Considered Harmful},
  howpublished = {http://nlp.seas.harvard.edu/NamedTensor},
  note         = {Blog post.},
}

@InProceedings{jax,
  author = {Roy Frostig and Matthew Johnson and Chris Leary},
  title  = {Compiling machine learning programs via high-level tracing},
  year   = {2018},
  url    = {http://www.sysml.cc/doc/2018/146.pdf},
}

@Article{simonyan2014very,
  author  = {Simonyan, Karen and Zisserman, Andrew},
  title   = {Very deep convolutional networks for large-scale image recognition},
  journal = {arXiv preprint arXiv:1409.1556},
  year    = {2014},
}

@Article{elman1993learning,
  author    = {Elman, Jeffrey L},
  title     = {Learning and development in neural networks: The importance of starting small},
  journal   = {Cognition},
  year      = {1993},
  volume    = {48},
  number    = {1},
  pages     = {71--99},
  publisher = {Elsevier},
}

@Misc{ai-and-compute,
  author       = {OpenAI},
  title        = {{AI} and {Compute}},
  howpublished = {https://openai.com/blog/ai-and-compute/},
  year         = {2018},
  note         = {Blog post.},
}

@InProceedings{lift-deep,
  author    = {Mogers, Naums and Smith, Aaron and Vytiniotis, Dimitrios and Steuwer, Michel and Dubach, Christophe and Tomioka, Ryota},
  title     = {{Towards Mapping Lift to Deep Neural Network Accelerators}},
  booktitle = {Workshop on Emerging Deep Learning Accelerators (EDLA) 2019 at HiPEAC},
  year      = {2019},
}

@Article{innes2019zygote,
  author  = {Innes, Mike and Edelman, Alan and Fischer, Keno and Rackauckus, Chris and Saba, Elliot and Shah, Viral B and Tebbutt, Will},
  title   = {Zygote: A Differentiable Programming System to Bridge Machine Learning and Scientific Computing},
  journal = {arXiv preprint arXiv:1907.07587},
  year    = {2019},
}

@Article{lecun1998mnist,
  author  = {LeCun, Yann},
  title   = {The MNIST database of handwritten digits},
  journal = {http://yann. lecun. com/exdb/mnist/},
  year    = {1998},
}

@Article{turing1937computable,
  author    = {Turing, Alan Mathison},
  title     = {On computable numbers, with an application to the Entscheidungsproblem},
  journal   = {Proceedings of the London mathematical society},
  year      = {1937},
  volume    = {2},
  number    = {1},
  pages     = {230--265},
  publisher = {Wiley Online Library},
}

@Article{hart1968formal,
  title={A formal basis for the heuristic determination of minimum cost paths},
  author={Hart, Peter E and Nilsson, Nils J and Raphael, Bertram},
  journal={IEEE transactions on Systems Science and Cybernetics},
  volume={4},
  number={2},
  pages={100--107},
  year={1968},
  publisher={IEEE}
}
@InProceedings{kocsis2006bandit,
  title={Bandit based monte-carlo planning},
  author={Kocsis, Levente and Szepesv{\'a}ri, Csaba},
  booktitle={European conference on machine learning},
  pages={282--293},
  year={2006},
  organization={Springer}
}
@Article{browne2012survey,
  title={A survey of monte carlo tree search methods},
  author={Browne, Cameron B and Powley, Edward and Whitehouse, Daniel and Lucas, Simon M and Cowling, Peter I and Rohlfshagen, Philipp and Tavener, Stephen and Perez, Diego and Samothrakis, Spyridon and Colton, Simon},
  journal={IEEE Transactions on Computational Intelligence and AI in games},
  volume={4},
  number={1},
  pages={1--43},
  year={2012},
  publisher={IEEE}
}
@Article{auer2002finite,
  title={Finite-time analysis of the multiarmed bandit problem},
  author={Auer, Peter and Cesa-Bianchi, Nicolo and Fischer, Paul},
  journal={Machine learning},
  volume={47},
  number={2-3},
  pages={235--256},
  year={2002},
  publisher={Springer}
}
@article{cho2014learning,
  title={Learning phrase representations using RNN encoder-decoder for statistical machine translation},
  author={Cho, Kyunghyun and Van Merri{\"e}nboer, Bart and Gulcehre, Caglar and Bahdanau, Dzmitry and Bougares, Fethi and Schwenk, Holger and Bengio, Yoshua},
  journal={arXiv preprint arXiv:1406.1078},
  year={2014}
}

@Article{chen-rewrite-schedule,
  author        = {Xinyun Chen and Yuandong Tian},
  title         = {Learning to Perform Local Rewriting for Combinatorial Optimization},
  journal       = {NeurIPS},
  year          = {2019},
  volume        = {abs/1810.00337},
  archiveprefix = {arXiv},
  eprint        = {1810.00337},
  timestamp     = {Tue, 30 Oct 2018 10:49:09 +0100},
  url           = {http://arxiv.org/abs/1810.00337},
}

@incollection{mehrjou2019learning,
  title={Learning to Reason Mathematically},
  author={Arash Mehrjou and Ryota Tomioka and Andrew W. Fitzgibbon and Simon Pyton Jones},
  booktitle={ICML Workshop on Learning and Reasoning with Graph-Structured Representations},
  year={2019},
}

@Comment{jabref-meta: databaseType:bibtex;}
